<collection xmlns="http://www.loc.gov/MARC21/slim">
<record>
  <leader>04538nam0a22006731i 450 </leader>
  <controlfield tag="001">IT\ICCU\CNCE\029498</controlfield>
  <controlfield tag="005">20090224000000.0</controlfield>
  <datafield tag="012" ind1=" " ind2=" ">
    <subfield code="a">rire nane usu- vi&amp;R (3) 1532 (R)</subfield>
    <subfield code="2">fei</subfield>
  </datafield>
  <datafield tag="100" ind1=" " ind2=" ">
    <subfield code="a">19971120d1532        0itac0103    ba</subfield>
  </datafield>
  <datafield tag="101" ind1=" " ind2=" ">
    <subfield code="a">LAT</subfield>
  </datafield>
  <datafield tag="102" ind1=" " ind2=" ">
    <subfield code="a">IT</subfield>
  </datafield>
  <datafield tag="200" ind1="1" ind2=" ">
    <subfield code="a">En amice lector apportamus tibi, summa diligentia excusum, post Germanam editionem. T. Liuii Patauini Latinae historiae principis, quicquid hactenus editum fuit, sed aliquanto quam antea emaculatius. Accesserunt autem Decadis quintae libri quinque, nunquam ante hac editi, cum Chronologia Henrici Glareani, tempore supputationem ... Adiunctus est insuper index omnium quae notatu digna visa sunt, copiosissimus ...</subfield>
  </datafield>
  <datafield tag="210" ind1=" " ind2=" ">
    <subfield code="a">Venetiis</subfield>
    <subfield code="c">\Lucantonio Giunta il vecchio!</subfield>
    <subfield code="d">mense Februario 1532</subfield>
    <subfield code="e">Venetiis</subfield>
    <subfield code="g">in aedibus Lucaeantonii Iuntae Florentini</subfield>
    <subfield code="h">1532 die decima Ianuarii</subfield>
  </datafield>
  <datafield tag="215" ind1=" " ind2=" ">
    <subfield code="a">\2!, 312, 16, \40! c.</subfield>
    <subfield code="d">fol</subfield>
  </datafield>
  <datafield tag="517" ind1="1" ind2=" ">
    <subfield code="3">IT\ICCU\CNCE\069795</subfield>
    <subfield code="a">Quicquid hactenus editum fuit, sed aliquanto quam antea emaculatius. Accesserunt autem Decadis quintae libri quinque, nunquam ante hac editi, cum Chronologia Henrici Glareani, tempore suppotationem ...</subfield>
  </datafield>
  <datafield tag="620" ind1=" " ind2=" ">
    <subfield code="a">IT</subfield>
    <subfield code="d">Venezia</subfield>
  </datafield>
  <datafield tag="700" ind1=" " ind2="1">
    <subfield code="a">Livius,</subfield>
    <subfield code="b">Titus</subfield>
    <subfield code="3">IT\ICCU\CNCA\007254</subfield>
  </datafield>
  <datafield tag="702" ind1=" " ind2="1">
    <subfield code="a">Glareanus,</subfield>
    <subfield code="b">Henricus</subfield>
    <subfield code="3">IT\ICCU\CNCA\002162</subfield>
  </datafield>
  <datafield tag="712" ind1="0" ind2="0">
    <subfield code="a">Giunta, Lucantonio</subfield>
    <subfield code="c"> &lt;1.&gt;</subfield>
    <subfield code="3">IT\ICCU\CNCT\002111</subfield>
    <subfield code="4">650</subfield>
  </datafield>
  <datafield tag="790" ind1=" " ind2="0">
    <subfield code="a">Tito Livio</subfield>
    <subfield code="3">IT\ICCU\CNCA\018617</subfield>
    <subfield code="z">Livius, Titus</subfield>
  </datafield>
  <datafield tag="790" ind1=" " ind2="1">
    <subfield code="a">Loritus,</subfield>
    <subfield code="b">Henricus</subfield>
    <subfield code="3">IT\ICCU\CNCA\002326</subfield>
    <subfield code="z">Glareanus, Henricus</subfield>
  </datafield>
  <datafield tag="790" ind1=" " ind2="1">
    <subfield code="a">Loriti,</subfield>
    <subfield code="b">Heinrich</subfield>
    <subfield code="3">IT\ICCU\CNCA\022328</subfield>
    <subfield code="z">Glareanus, Henricus</subfield>
  </datafield>
  <datafield tag="791" ind1="0" ind2="0">
    <subfield code="a">Zontis, Lucas Antonius de</subfield>
    <subfield code="3">IT\ICCU\CNCT\003892</subfield>
    <subfield code="z">Giunta, Lucantonio &lt;1.&gt;</subfield>
  </datafield>
  <datafield tag="791" ind1="0" ind2="0">
    <subfield code="a">Giunti, Lucantonio</subfield>
    <subfield code="c"> &lt;1&gt;</subfield>
    <subfield code="3">IT\ICCU\CNCT\004926</subfield>
    <subfield code="z">Giunta, Lucantonio &lt;1.&gt;</subfield>
  </datafield>
  <datafield tag="791" ind1="0" ind2="0">
    <subfield code="a">Gionta, Lucantonio de</subfield>
    <subfield code="3">IT\ICCU\CNCT\004928</subfield>
    <subfield code="z">Giunta, Lucantonio &lt;1.&gt;</subfield>
  </datafield>
  <datafield tag="791" ind1="0" ind2="0">
    <subfield code="a">Giuntis, Lucas Antonius de</subfield>
    <subfield code="3">IT\ICCU\CNCT\004929</subfield>
    <subfield code="z">Giunta, Lucantonio &lt;1.&gt;</subfield>
  </datafield>
  <datafield tag="791" ind1="0" ind2="0">
    <subfield code="a">Zonta, Lucantonio</subfield>
    <subfield code="3">IT\ICCU\CNCT\004930</subfield>
    <subfield code="z">Giunta, Lucantonio &lt;1.&gt;</subfield>
  </datafield>
  <datafield tag="801" ind1=" " ind2="3">
    <subfield code="a">IT</subfield>
    <subfield code="b">ICCU</subfield>
    <subfield code="c">20201114</subfield>
  </datafield>
  <datafield tag="899" ind1=" " ind2=" ">
    <subfield code="a">Biblioteca civica A. Mai. Bergamo</subfield>
    <subfield code="1">BG0026</subfield>
    <subfield code="2">LO1 02</subfield>
  </datafield>
  <datafield tag="899" ind1=" " ind2=" ">
    <subfield code="a">Biblioteca universitaria. Bologna</subfield>
    <subfield code="1">BO0098</subfield>
    <subfield code="2">UBO BU</subfield>
  </datafield>
  <datafield tag="899" ind1=" " ind2=" ">
    <subfield code="a">Biblioteca provinciale dei Frati minori dell&apos;Emilia. Sezione Biblioteca dell&apos;Osservanza. Bologna</subfield>
    <subfield code="1">BO0336</subfield>
    <subfield code="2">ZBO 41</subfield>
  </datafield>
  <datafield tag="899" ind1=" " ind2=" ">
    <subfield code="a"></subfield>
    <subfield code="1">BS0156</subfield>
    <subfield code="2">ZBS 07</subfield>
  </datafield>
  <datafield tag="899" ind1=" " ind2=" ">
    <subfield code="a">Biblioteca del Collegio Gallio dei Padri Somaschi. Como</subfield>
    <subfield code="1">CO0058</subfield>
    <subfield code="2">ZCO 02</subfield>
  </datafield>
  <datafield tag="899" ind1=" " ind2=" ">
    <subfield code="a">Biblioteca comunale. Enna</subfield>
    <subfield code="1">EN0025</subfield>
    <subfield code="2">ZEN 01</subfield>
  </datafield>
  <datafield tag="899" ind1=" " ind2=" ">
    <subfield code="a">Biblioteca Apostolica Vaticana. Citt ̉del Vaticano</subfield>
    <subfield code="1">EX0001</subfield>
    <subfield code="2">ZCV 01</subfield>
  </datafield>
  <datafield tag="899" ind1=" " ind2=" ">
    <subfield code="a">Biblioteca del Convento di S. Anna. Genova</subfield>
    <subfield code="1">GE0202</subfield>
    <subfield code="2">ZGE 17</subfield>
  </datafield>
  <datafield tag="899" ind1=" " ind2=" ">
    <subfield code="a">Biblioteca statale Isontina. Gorizia</subfield>
    <subfield code="z">MUTILO</subfield>
    <subfield code="1">GO0025</subfield>
    <subfield code="2">TSA BI</subfield>
  </datafield>
  <datafield tag="899" ind1=" " ind2=" ">
    <subfield code="a">Biblioteca comunale centrale. Milano</subfield>
    <subfield code="1">MI0162</subfield>
    <subfield code="2">LO1 01</subfield>
  </datafield>
  <datafield tag="899" ind1=" " ind2=" ">
    <subfield code="a">Biblioteca del Liceo ginnasio statale Ludovico Antonio Muratori. Modena</subfield>
    <subfield code="1">MO0174</subfield>
    <subfield code="2">MOD MU</subfield>
  </datafield>
  <datafield tag="899" ind1=" " ind2=" ">
    <subfield code="a">Biblioteca della Pontificia Facolt ̉teologica dell&apos;Italia meridionale. Sezione S. Luigi. Napoli</subfield>
    <subfield code="1">NA0261</subfield>
    <subfield code="2">NAP FT</subfield>
  </datafield>
  <datafield tag="899" ind1=" " ind2=" ">
    <subfield code="a">Biblioteca del Seminario Vescovile della Facolt ̉Teologica del Triveneto dell&apos;Istituto Filosofico Aloisianum. Padova</subfield>
    <subfield code="1">PD0073</subfield>
    <subfield code="2">PUV 01</subfield>
  </datafield>
  <datafield tag="899" ind1=" " ind2=" ">
    <subfield code="a">Biblioteca civica. Padova</subfield>
    <subfield code="1">PD0090</subfield>
    <subfield code="2">PUV 55</subfield>
  </datafield>
  <datafield tag="899" ind1=" " ind2=" ">
    <subfield code="a">Biblioteca del Convento S. Giacomo. Monselice</subfield>
    <subfield code="z">MUTILO</subfield>
    <subfield code="1">PD0400</subfield>
    <subfield code="2">ZPD 33</subfield>
  </datafield>
  <datafield tag="899" ind1=" " ind2=" ">
    <subfield code="a">Biblioteche del Polo di medicina legale, anatomia patologica e storia della medicina dell&apos;Universit ̉degli Studi di Padova. Padova</subfield>
    <subfield code="1">PD0403</subfield>
    <subfield code="2">PUV 43</subfield>
  </datafield>
  <datafield tag="899" ind1=" " ind2=" ">
    <subfield code="a">Biblioteca del Monte. Perugia</subfield>
    <subfield code="1">PG0154</subfield>
    <subfield code="2">UM1 46</subfield>
  </datafield>
  <datafield tag="899" ind1=" " ind2=" ">
    <subfield code="a">Biblioteca del Seminario diocesano di Concordia-Pordenone. Pordenone</subfield>
    <subfield code="1">PN0052</subfield>
    <subfield code="2">TSA SC</subfield>
  </datafield>
  <datafield tag="899" ind1=" " ind2=" ">
    <subfield code="a">Biblioteca comunale Fabrizio Trisi. Lugo</subfield>
    <subfield code="1">RA0025</subfield>
    <subfield code="2">RAV CE</subfield>
  </datafield>
  <datafield tag="899" ind1=" " ind2=" ">
    <subfield code="a">Biblioteca  Panizzi. Reggio Emilia</subfield>
    <subfield code="1">RE0052</subfield>
    <subfield code="2">RE2 PA</subfield>
  </datafield>
  <datafield tag="899" ind1=" " ind2=" ">
    <subfield code="a">Biblioteca nazionale centrale. Roma</subfield>
    <subfield code="1">RM0267</subfield>
    <subfield code="2">BVE CR</subfield>
  </datafield>
  <datafield tag="899" ind1=" " ind2=" ">
    <subfield code="a">Biblioteca Pio VI. Subiaco</subfield>
    <subfield code="1">RM0603</subfield>
    <subfield code="2">BVE SU</subfield>
  </datafield>
  <datafield tag="899" ind1=" " ind2=" ">
    <subfield code="a">Biblioteca comunale degli Intronati. Siena</subfield>
    <subfield code="1">SI0046</subfield>
    <subfield code="2">RT1 QI</subfield>
  </datafield>
  <datafield tag="899" ind1=" " ind2=" ">
    <subfield code="a">Biblioteca comunale. Trento</subfield>
    <subfield code="1">TN0121</subfield>
    <subfield code="2">ZTN 01</subfield>
  </datafield>
  <datafield tag="899" ind1=" " ind2=" ">
    <subfield code="a">Biblioteca della Fondazione Luigi Firpo. Centro di studi sul pensiero politico. Torino</subfield>
    <subfield code="1">TO0469</subfield>
    <subfield code="2">TO0 18</subfield>
  </datafield>
  <datafield tag="899" ind1=" " ind2=" ">
    <subfield code="a">Biblioteca comunale. Treviso</subfield>
    <subfield code="z">MUTILO</subfield>
    <subfield code="1">TV0114</subfield>
    <subfield code="2">VIA CT</subfield>
  </datafield>
  <datafield tag="899" ind1=" " ind2=" ">
    <subfield code="a">British Library. London</subfield>
    <subfield code="1">UK0001</subfield>
  </datafield>
  <datafield tag="899" ind1=" " ind2=" ">
    <subfield code="a">Biblioteca civica. Varese</subfield>
    <subfield code="1">VA0116</subfield>
    <subfield code="2">LO1 03</subfield>
  </datafield>
  <datafield tag="899" ind1=" " ind2=" ">
    <subfield code="a">Biblioteca del Seminario vescovile. Vicenza</subfield>
    <subfield code="1">VI0101</subfield>
    <subfield code="2">PBE D1</subfield>
  </datafield>
  <datafield tag="899" ind1=" " ind2=" ">
    <subfield code="a">Biblioteca civica. Verona</subfield>
    <subfield code="1">VR0059</subfield>
    <subfield code="2">ZVR 02</subfield>
  </datafield>
  <datafield tag="899" ind1=" " ind2=" ">
    <subfield code="a">Biblioteca del Liceo ginnasio statale S. Maffei. Verona</subfield>
    <subfield code="1">VR0179</subfield>
    <subfield code="2">ZVR 08</subfield>
  </datafield>
</record>
</collection>
